% This file was created with JabRef 2.10.
% Encoding: UTF-8


@InProceedings{unet3d,
  Title                    = {3D U-Net: learning dense volumetric segmentation from sparse annotation},
  Author                   = {{\c{C}}i{\c{c}}ek, {\"O}zg{\"u}n and Abdulkadir, Ahmed and Lienkamp, Soeren S and Brox, Thomas and Ronneberger, Olaf},
  Booktitle                = {International Conference on Medical Image Computing and Computer-Assisted Intervention},
  Year                     = {2016},
  Organization             = {Springer},
  Pages                    = {424--432}
}


@Article{denk2004serial,
  Title                    = {Serial block-face scanning electron microscopy to reconstruct three-dimensional tissue nanostructure},
  Author                   = {Denk, Winfried and Horstmann, Heinz},
  Journal                  = {PLoS biology},
  Year                     = {2004},
  Number                   = {11},
  Pages                    = {e329},
  Volume                   = {2},

  Publisher                = {Public Library of Science}
}

@Article{unet2d,
  Title                    = {U-Net: Convolutional Networks for Biomedical Image Segmentation},
  Author                   = {Olaf Ronneberger and
 Philipp Fischer and
 Thomas Brox},
  Journal                  = {CoRR},
  Year                     = {2015},
  Volume                   = {abs/1505.04597},

  Bibsource                = {dblp computer science bibliography, http://dblp.org},
  Biburl                   = {http://dblp.uni-trier.de/rec/bib/journals/corr/RonnebergerFB15},
  Timestamp                = {Wed, 07 Jun 2017 14:40:33 +0200},
  Url                      = {http://arxiv.org/abs/1505.04597}
}


@inproceedings{GuayDesigning2018,
  author    = {Matthew Guay and
               Zeyad Emam and
               Adam Anderson and
               Richard Leapman},
  title     = {Designing deep neural networks to automate segmentation for serial
               block-face electron microscopy},
  booktitle = {15th {IEEE} International Symposium on Biomedical Imaging, {ISBI}
               2018, Washington, DC, USA, April 4-7, 2018},
  pages     = {405--408},
  year      = {2018},
}

@article{GuayTwo2019, title={Two-stage Neural Architecture Search for Microscopy Image Segmentation}, volume={25}, DOI={10.1017/S1431927619001673}, number={S2}, journal={Microscopy and Microanalysis}, publisher={Cambridge University Press}, author={Guay, Matthew and Emam, Zeyad and Leapman, Richard}, year={2019}, pages={188â€“189}}
